@online{KerasEffNet,
    author = {Keras},
    title = {EfficientNet B0 to B7},
    url = {https://keras.io/api/applications/efficientnet/},
    urldate = {2022-05-22},
    year = {2019}
}

@online{ImageNette,
    author = {Jeremy Howard},
    title = {Imagenette},
    year={2019},
    url = {https://www.tensorflow.org/datasets/catalog/imagenette},
    urldate = {2022-05-22}
}

@online{FGSM,
    author = {Tensorflow},
    title = {Adversarial example using FGSM},
    url = {https://www.tensorflow.org/tutorials/generative/adversarial_fgsm},
    urldate = {2022-05-22},
    year = {2022}
}


@online{tfflowers,
    author = {The TensorFlow Team},
    year = {2019},
    title = {tf flowers},
    url = {https://www.tensorflow.org/datasets/catalog/tf_flowers},
    urldate = {2022-05-22}
}


@misc{github,
  author    = "Artem Sereda",
  title     = "ISS",
  url       = "https://github.com/aaarrti/ISS"
}




@article{DBLP:journals/corr/abs-1802-08195,
    author = {Gamaleldin F. Elsayed and
 Shreya Shankar and
 Brian Cheung and
 Nicolas Papernot and
 Alex Kurakin and
 Ian J. Goodfellow and
 Jascha Sohl{-}Dickstein},
    title = {Adversarial Examples that Fool both Human and Computer Vision},
    journal = {CoRR},
    volume = {abs/1802.08195},
    year = {2018},
    url = {http://arxiv.org/abs/1802.08195},
    eprinttype = {arXiv},
    eprint = {1802.08195},
    timestamp = {Mon, 13 Aug 2018 16:46:07 +0200},
    biburl = {https://dblp.org/rec/journals/corr/abs-1802-08195.bib},
    bibsource = {dblp computer science bibliography, https://dblp.org}
}

@article{DBLP:journals/corr/abs-1912-01991,
    author = {Ishan Misra and
 Laurens van der Maaten},
    title = {Self-Supervised Learning of Pretext-Invariant Representations},
    journal = {CoRR},
    volume = {abs/1912.01991},
    year = {2019},
    url = {http://arxiv.org/abs/1912.01991},
    eprinttype = {arXiv},
    eprint = {1912.01991},
    timestamp = {Thu, 02 Jan 2020 18:08:18 +0100},
    biburl = {https://dblp.org/rec/journals/corr/abs-1912-01991.bib},
    bibsource = {dblp computer science bibliography, https://dblp.org}
}

@article{DBLP:journals/corr/abs-1905-11946,
    author = {Mingxing Tan and
 Quoc V. Le},
    title = {EfficientNet: Rethinking Model Scaling for Convolutional Neural Networks},
    journal = {CoRR},
    volume = {abs/1905.11946},
    year = {2019},
    url = {http://arxiv.org/abs/1905.11946},
    eprinttype = {arXiv},
    eprint = {1905.11946},
    timestamp = {Mon, 03 Jun 2019 13:42:33 +0200},
    biburl = {https://dblp.org/rec/journals/corr/abs-1905-11946.bib},
    bibsource = {dblp computer science bibliography, https://dblp.org}
}

@misc{goodfellow2015explaining,
    title = {Explaining and Harnessing Adversarial Examples},
    author = {Ian J. Goodfellow and Jonathon Shlens and Christian Szegedy},
    year = {2015},
    eprint = {1412.6572},
    archivePrefix = {arXiv},
    primaryClass = {stat.ML}
}

@article{DBLP:journals/corr/NorooziF16,
    author = {Mehdi Noroozi and
 Paolo Favaro},
    title = {Unsupervised Learning of Visual Representations by Solving Jigsaw
 Puzzles},
    journal = {CoRR},
    volume = {abs/1603.09246},
    year = {2016},
    url = {http://arxiv.org/abs/1603.09246},
    eprinttype = {arXiv},
    eprint = {1603.09246},
    timestamp = {Mon, 13 Aug 2018 16:49:09 +0200},
    biburl = {https://dblp.org/rec/journals/corr/NorooziF16.bib},
    bibsource = {dblp computer science bibliography, https://dblp.org}
}

@misc{kolesnikov2019revisiting,
    title = {Revisiting Self-Supervised Visual Representation Learning},
    author = {Alexander Kolesnikov and Xiaohua Zhai and Lucas Beyer},
    year = {2019},
    eprint = {1901.09005},
    archivePrefix = {arXiv},
    primaryClass = {cs.CV}
}

@misc{russakovsky2015imagenet,
    title = {ImageNet Large Scale Visual Recognition Challenge},
    author = {
    Olga Russakovsky and Jia Deng and Hao Su and
 Jonathan Krause and Sanjeev Satheesh and Sean Ma and
 Zhiheng Huang and Andrej Karpathy and Aditya Khosla and
 Michael Bernstein and Alexander C. Berg and Li Fei-Fei
      },
    year = {2015},
    eprint = {1409.0575},
    archivePrefix = {arXiv},
    primaryClass = {cs.CV}
}

@misc{ilyas2019adversarial,
    title = {Adversarial Examples Are Not Bugs, They Are Features},
    author = {Andrew Ilyas and Shibani Santurkar and Dimitris Tsipras and Logan Engstrom and Brandon Tran and Aleksander Madry},
    year = {2019},
    eprint = {1905.02175},
    archivePrefix = {arXiv},
    primaryClass = {stat.ML}
}

@misc{https://doi.org/10.48550/arxiv.1805.12152,
    doi = {10.48550/ARXIV.1805.12152},
    url = {https://arxiv.org/abs/1805.12152},
    author = {Tsipras, Dimitris and Santurkar, Shibani and Engstrom, Logan and Turner, Alexander and Madry, Aleksander},
    keywords = {Machine Learning (stat.ML), Computer Vision and Pattern Recognition (cs.CV), Machine Learning (cs.LG), Neural and Evolutionary Computing (cs.NE), FOS: Computer and information sciences, FOS: Computer and information sciences},
    title = {Robustness May Be at Odds with Accuracy},
    publisher = {arXiv},
    year = {2018},
    copyright = {arXiv.org perpetual, non-exclusive license}
}
